
@misc{shift-detection,
  title={Detecting distributional changes using counts},
  author={Ted Dunning},
  year=2020,
  howpublished={\url{https://gist.github.com/tdunning/b93d6f0a525f186c7b932d8c76c3fbee}}
}

@misc{cameron-t-digest,
  title = {Percentile and Quantile Estimation of Big Data: The t-Digest},
  author = {Cameron Davidson-Pilon},
  year = 2015,
  howpublished = {\url{https://dataorigami.net/blogs/napkin-folding/19055451-percentile-and-quantile-estimation-of-big-data-the-t-digest}}
}

@misc{tene,
  title = {Everything You Know About Latency is Wrong},
  author = {Tyler Treat},
  year = 2015,
  howpublished = {\url{https://bravenewgeek.com/everything-you-know-about-latency-is-wrong/}}
}

@misc{maven-stats,
  title = {Sonatype central stats},
  howpublished = "\url{https://oss.sonatype.org/#central-stat}",
  year = 2020,
  note = "For a shortcut to the graph of downloads, see \url{http://bit.ly/t-digest-downloads}"
}                  

@misc{druid-t-digest,
  title = {T-Digest Quantiles Sketch module},
  year = 2020,
  howpublished = "\url{https://druid.apache.org/docs/latest/development/extensions-contrib/tdigestsketch-quantiles.html}"
}

@misc{druid,
  title={Apache {D}ruid},
  year = 2020,
  howpublished = "\url{https://druid.apache.org/}"
}

@misc{elastic,
  title={ElasticSearch},
  year = 2020,
  howpublished = "\url{https://www.elastic.co/elasticsearch/}"
}

@misc{kylin,
  title={Apache {K}ylin, Analytical Data Warehouse for Big Data},
  year = 2020,
  howpublished = "\url{http://kylin.apache.org/}"
}

@misc{kylin-t-digest,
  title={A new measure for Percentile precalculation},
  year = 2017,
  howpublished="\url{http://kylin.apache.org/blog/2017/04/01/percentile-measure/}"
}

@misc{elastic-t-digest,
  title={Elastic{S}earch Percentiles Aggregation},
  year = 2020,
  howpublished = "\url{https://www.elastic.co/guide/en/elasticsearch/reference/current/search-aggregations-metrics-percentile-aggregation.html}"
}

@misc{postgres-t-digest,
  title={Using tdigest PostgreSQL Extension for Calculating SQL Percentiles
},
  year = 2020,
  howpublished = "\url{https://dzone.com/articles/sql-percentile-aggregates-and-rollups-with-postgre}"
}

@misc{hdr-histogram,
  title = {Hdr{H}istogram: A High Dynamic Range (HDR) Histogram},
  year = 2020,
  howpublished = "\url{https://github.com/HdrHistogram/HdrHistogram}"
}

@book{anomaly-detection,
  title={Practical Machine Learning: A New Look at Anomaly Detection},
  author={Ted Dunning and Ellen Friedman},
  isbn={9781491914182},
  url={https://www.oreilly.com/library/view/practical-machine-learning/9781491914151/},
  year={2014},
  publisher={O'Reilly Media}
}

@book{machine-learning-logistics,
  title={Machine Learning Logistics},
  author={Ted Dunning and Ellen Friedman},
  isbn={9781491997611},
  url={https://www.oreilly.com/library/view/machine-learning-logistics/9781491997628/},
  year={2017},
  publisher={O'Reilly Media}
}


@article{dunning93,
    author={Ted E. Dunning},
    title={Accurate Methods for the Statistics of Surprise
	and Coincidence},
    journal={Computational Linguistics},
    volume=19,
    number=1,
    year=1993,
    pages={61-74}
}

@INPROCEEDINGS{Chen2000,
    author = {Fei Chen and Diane Lambert and Jos{\'e} C. Pinheiro},
    title = {Incremental Quantile Estimation for Massive Tracking},
    booktitle = {In Proceedings of KDD},
    year = {2000},
    pages = {516--522}
}

@article{one-dimensional-k-means,
    id= "pmid:27942416",
    title = {Ckmeans.1d.dp: Optimal <i>k</i>-means Clustering in One Dimension by Dynamic Programming},
    author= {Haizhou Wang and Mingzhou Song},
    journal= "The R journal",
    ISSN= "2073-4859",
    year = {2011},
    month={12},
    pages= {29-33},
    volume=3,
    issue=2,
    PMID = "27942416",
    PMCID= "PMC5148156"
}

@inproceedings{Greenwald-space-efficient-online-quantiles,
 author = {Greenwald, Michael and Khanna, Sanjeev},
 title = {Space-efficient Online Computation of Quantile Summaries},
 booktitle = {Proceedings of the 2001 ACM SIGMOD International Conference on Management of Data},
 series = {SIGMOD '01},
 year = {2001},
 isbn = {1-58113-332-4},
 location = {Santa Barbara, California, USA},
 pages = {58--66},
 numpages = {9},
 url = {http://doi.acm.org/10.1145/375663.375670},
 doi = {10.1145/375663.375670},
 acmid = {375670},
 publisher = {ACM},
 address = {New York, NY, USA}
} 

@article{sawzall,
title	= {Interpreting the Data: Parallel Analysis with Sawzall},
author	= {Rob Pike and Sean Dorward and Robert Griesemer and Sean Quinlan},
year	= {2005},
journal	= {Scientific Programming Journal},
pages	= {277--298},
volume	= {13}
}

@article{munro1980,
author = "J.I. Munro and M.S. Paterson",
year = "1980",
title = "Selection and sorting with limited storage",
journal = "Theoretical Computer Science",
volume = "12",
number = "3",
pages = "315 - 323",
issn = "0304-3975",
doi = "https://doi.org/10.1016/0304-3975(80)90061-4",
url = "http://www.sciencedirect.com/science/article/pii/0304397580900614"
}
@inproceedings{qdigest,
    author = {Shrivastava, Nisheeth and Buragohain, Chiranjeeb and Agrawal, Divyakant and Suri, Subhash},
    year = {2004},
    month = {09},
    title = {Medians and Beyond: New Aggregation Techniques for Sensor Networks},
    booktitle = {SenSys'04 - Proceedings of the Second International Conference on Embedded Networked Sensor Systems},
    doi = {10.1145/1031495.1031524}
}

@misc{wiki_welford,
   title = "Algorithms for Calculating Variance, Online Algorithm",
   author = "The Wikipedia Foundation",
   year = 2018,
   howpublished = "\url{http://en.wikipedia.org/wiki/Algorithms_for_calculating_variance#Online_algorithm}",
   note = "[Online; accessed 19-October-2013]"
 }

@misc{datafu,
   title = "The Apache Datafu Project",
   author = "DFU",
   year = 2019,
   publisher = "Apache Software Foundation",
   howpublished = "\url{https://datafu.apache.org/}",
   note = "[Online; accessed 23-January-2018]"
 }

@misc{t-digest-project,
   title = "The t-digest Library",
   author = "Ted Dunning",
   year = 2018,
   howpublished = "\url{https://github.com/tdunning/t-digest/}",
   note = "[Online; accessed 23-January-2018]"
 }

@misc{github:stream,
   title = "Stream summarizer and cardinality estimator",
   author = "StreamLib",
   year = 2019,
   howpublished = "\url{https://github.com/addthis/stream-lib}",
   note = "[Online; accessed 11-February-2019]"
 }
 
@inbook{knuth2welford,
  author={Donald E. Knuth},
  year=1998,
  edition=3,
  pages=232,
  title= {The Art of Computer Programming, volume 2: Seminumerical Algorithms},
  publisher= {Addison-Wesley},
  address= {Boston} 
}

@ARTICLE{welford62,
    author = {B. P. Welford },
    year = {1962},
    title = {Note on a method for calculating corrected sums of squares and products},
    journal = {Technometrics},
    pages = {419--420}
}