@article{one-dimensional-k-means,
    id: "pmid:27942416",
    title = {Ckmeans.1d.dp: Optimal <i>k</i>-means Clustering in One Dimension by Dynamic Programming},
    author= {Haizhou Wang and Mingzhou Song}
    journal= "The R journal",
    ISSN= "2073-4859",
    year = {2011},
    month={12},
    pages= {29-33},
    volume=3,
    issue=2,
    PMID = "27942416",
    PMCID= "PMC5148156",
}

@INPROCEEDINGS{Chen2000,
    author = {Fei Chen and Diane Lambert and José C. Pinheiro},
    title = {Incremental Quantile Estimation for Massive Tracking},
    booktitle = {In Proceedings of KDD},
    year = {2000},
    pages = {516--522}
}

@INPROCEEDINGS{qdigest,
    author = {Nisheeth Shrivastava and Chiranjeeb Buragohain and Divyakant Agrawal and Subhash Suri},
    title = {Medians and Beyond: New Aggregation Techniques for Sensor Networks},
    booktitle = {},
    year = {2004},
    pages = {239--249},
    publisher = {ACM Press}
}

@misc{wiki:welford,
   title = "Algorithms for Calculating Variance, Online Algorithm",
   author = "Wikipedia",
   howpublished = "\url{http://en.wikipedia.org/wiki/Algorithms_for_calculating_variance#Online_algorithm}",
   note = "[Online; accessed 19-October-2013]"   
 }

@misc{github:stream,
   title = "Algorithms for Calculating Variance, Online Algorithm",
   author = "Add This",
   howpublished = "\url{https://github.com/addthis/stream-lib}",
   note = "[Online; accessed 28-November-2013]"   
 }
 
@misc{mathworld:normal,
   title = "Normal Distribution Function",
   author = "MathWorld",
   howpublished = "\url{http://mathworld.wolfram.com/NormalDistributionFunction.html}",
   note = "[Online; accessed 20-October-2013]"   
 }
 
@inbook{knuth2welford,
  author={Donald E. Knuth},
  edition=3, 
  pages=232,
  year=1998,
  title= {The Art of Computer Programming, volume 2: Seminumerical Algorithms}, 
  publisher= {Addison-Wesley},
  address= {Boston} 
}

@ARTICLE{welford62,
    author = {B. P. Welford },
    title = {Note on a method for calculating corrected sums of squares and products},
    journal = {Technometrics},
    year = {1962},
    pages = {419--420}
}

